%% Created using Papers on Thu, 15 Aug 2013.
%% http://papersapp.com/papers/

@article{Niikura:2007fq,
author = {Niikura, Masahiro and Kim, Taejoong and Hunt, Henry D and Burnside, Joan and Morgan, Robin W and Dodgson, Jerry B and Cheng, Hans H},
title = {{Marek's disease virus up-regulates major histocompatibility complex class II cell surface expression in infected cells}},
journal = {Virology},
year = {2007},
volume = {359},
number = {1},
pages = {212--219},
month = mar
}

@article{Katz:2010iv,
author = {Katz, Yarden and Wang, Eric T and Airoldi, Edoardo M and Burge, Christopher B},
title = {{Analysis and design of RNA sequencing experiments for identifying isoform regulation}},
journal = {Nature Publishing Group},
year = {2010},
volume = {7},
number = {12},
pages = {1009--1015},
month = nov
}

@article{Katz:2013vx,
author = {Katz, Yarden and Wang, Eric T and Silterra, Jacob and Schwartz, Schraga and Wong, Bang and Mesirov, Jill P and Airoldi, Edoardo M and Burge, Christopher B},
title = {{Sashimi plots: Quantitative visualization of RNA sequencing read
  alignments}},
journal = {Audio and Electroacoustics Newsletter, IEEE},
year = {2013},
pages = {--},
month = jun
}
@article{kaiser2003differential,
  title={Differential cytokine responses following Marek's disease virus infection of chickens differing in resistance to Marek's disease},
  author={Kaiser, Pete and Underwood, Greg and Davison, Fred},
  journal={Journal of virology},
  volume={77},
  number={1},
  pages={762--768},
  year={2003},
  publisher={Am Soc Microbiol}
}
@article{mortazavi2008mapping,
  title={Mapping and quantifying mammalian transcriptomes by RNA-Seq},
  author={Mortazavi, Ali and Williams, Brian A and McCue, Kenneth and Schaeffer, Lorian and Wold, Barbara},
  journal={Nature methods},
  volume={5},
  number={7},
  pages={621--628},
  year={2008},
  publisher={Nature Publishing Group}
}
@article{young2010method,
  title={Method Gene ontology analysis for RNA-seq: accounting for selection bias},
  author={Young, Matthew D and Wakefield, Matthew J and Smyth, Gordon K and Oshlack, Alicia},
  journal={PMC free article][PubMed]},
  year={2010}
}

@article{zhang2013isoform,
  title={Isoform level expression profiles provide better cancer signatures than gene level expression profiles},
  author={Zhang, ZhongFa and Pal, Sharmistha and Bi, Yingtao and Tchou, Julia and Davuluri, Ramana V},
  journal={Genome medicine},
  volume={5},
  number={4},
  pages={33},
  year={2013},
  publisher={BioMed Central Ltd}
}

@article{sarson2008transcriptional,
  title={Transcriptional analysis of host responses to Marekâ€™s disease virus infection in genetically resistant and susceptible chickens},
  author={Sarson, AJ and Parvizi, P and Lepp, D and Quinton, M and Sharif, S},
  journal={Animal genetics},
  volume={39},
  number={3},
  pages={232--240},
  year={2008},
  publisher={Wiley Online Library}
}

@article{tang2013lkb1,
  title={LKB1 tumor suppressor and salt-inducible kinases negatively regulate human T-cell leukemia virus type 1 transcription},
  author={Tang, Hei-Man Vincent and Gao, Wei-Wei and Chan, Ching-Ping and Siu, Yeung-Tung and Wong, Chi-Ming and Kok, Kin-Hang and Ching, Yick-Pang and Takemori, Hiroshi and Jin, Dong-Yan},
  journal={Retrovirology},
  volume={10},
  number={1},
  pages={40},
  year={2013},
  publisher={BioMed Central Ltd}
}
@article{witke2004role,
  title={The role of profilin complexes in cell motility and other cellular processes},
  author={Witke, Walter},
  journal={Trends in cell biology},
  volume={14},
  number={8},
  pages={461--469},
  year={2004},
  publisher={Elsevier}
}
@article{werbajh2000rac,
  title={RAC-3 is a NF-$\kappa$B coactivator},
  author={Werbajh, Santiago and Nojek, Ignacio and Lanz, Rainer and Costas, M{\'o}nica A},
  journal={FEBS letters},
  volume={485},
  number={2},
  pages={195--199},
  year={2000},
  publisher={Elsevier}
}
@article{blencowe2000exonic,
  title={Exonic splicing enhancers: mechanism of action, diversity and role in human genetic diseases},
  author={Blencowe, Benjamin J},
  journal={Trends in biochemical sciences},
  volume={25},
  number={3},
  pages={106--110},
  year={2000},
  publisher={Elsevier}
}
@article{wang2007splicing,
  title={Splicing in disease: disruption of the splicing code and the decoding machinery},
  author={Wang, Guey-Shin and Cooper, Thomas A},
  journal={Nature Reviews Genetics},
  volume={8},
  number={10},
  pages={749--761},
  year={2007},
  publisher={Nature Publishing Group}
}
@article{lynch2004consequences,
  title={Consequences of regulated pre-mRNA splicing in the immune system},
  author={Lynch, Kristen W},
  journal={Nature Reviews Immunology},
  volume={4},
  number={12},
  pages={931--940},
  year={2004},
  publisher={Nature Publishing Group}
}
@article{kane2000assessment,
  title={Assessment of the sensitivity and specificity of oligonucleotide (50mer) microarrays},
  author={Kane, Michael D and Jatkoe, Timothy A and Stumpf, Craig R and Lu, Jia and Thomas, Jeffrey D and Madore, Steven J},
  journal={Nucleic acids research},
  volume={28},
  number={22},
  pages={4552--4557},
  year={2000},
  publisher={Oxford Univ Press}
}
@article{pan2008deep,
  title={Deep surveying of alternative splicing complexity in the human transcriptome by high-throughput sequencing},
  author={Pan, Qun and Shai, Ofer and Lee, Leo J and Frey, Brendan J and Blencowe, Benjamin J},
  journal={Nature genetics},
  volume={40},
  number={12},
  pages={1413--1415},
  year={2008},
  publisher={Nature Publishing Group}
}
@article{trapnell2013differential,
  title={Differential analysis of gene regulation at transcript resolution with RNA-seq},
  author={Trapnell, Cole and Hendrickson, David G and Sauvageau, Martin and Goff, Loyal and Rinn, John L and Pachter, Lior},
  journal={Nature biotechnology},
  volume={31},
  number={1},
  pages={46--53},
  year={2013},
  publisher={Nature Publishing Group}
}
@article{lopez1998alternative,
  title={Alternative splicing of pre-mRNA: developmental consequences and mechanisms of regulation},
  author={Lopez, A Javier},
  journal={Annual review of genetics},
  volume={32},
  number={1},
  pages={279--305},
  year={1998},
  publisher={Annual Reviews 4139 El Camino Way, PO Box 10139, Palo Alto, CA 94303-0139, USA}
}
@article{li2011rsem,
  title={RSEM: accurate transcript quantification from RNA-Seq data with or without a reference genome},
  author={Li, Bo and Dewey, Colin N},
  journal={BMC bioinformatics},
  volume={12},
  number={1},
  pages={323},
  year={2011},
  publisher={BioMed Central Ltd}
}
@article{luo2013pathview,
  title={Pathview: an R/Bioconductor package for pathway-based data integration and visualization},
  author={Luo, Weijun and Brouwer, Cory},
  journal={Bioinformatics},
  volume={29},
  number={14},
  pages={1830--1831},
  year={2013},
  publisher={Oxford Univ Press}
}
@article{smith2011systems,
  title={Systems analysis of immune responses in Marek's disease virus-infected chickens identifies a gene involved in susceptibility and highlights a possible novel pathogenicity mechanism},
  author={Smith, Jacqueline and Sadeyen, Jean-Remy and Paton, Ian R and Hocking, Paul M and Salmon, Nigel and Fife, Mark and Nair, Venugopal and Burt, David W and Kaiser, Pete},
  journal={Journal of virology},
  volume={85},
  number={21},
  pages={11146--11158},
  year={2011},
  publisher={Am Soc Microbiol}
}
@article{morrow2004marek,
  title={Marek's disease: a worldwide problem},
  author={Morrow, CHRIS and Fehler, FRANK},
  journal={Marek's disease, An Evolving Problem},
  pages={49--61},
  year={2004}
}
@article{lee1983ontogeny,
  title={Ontogeny and line differences in the mitogenic response of chicken lymphocytes},
  author={LEE, LUCY F and BACON, LARRY D},
  journal={Poultry science},
  volume={62},
  number={4},
  pages={579--584},
  year={1983},
  publisher={Oxford University Press}
}
@article{hogenkamp2008chicken,
  title={Chicken lung lectin is a functional C-type lectin and inhibits haemagglutination by influenza A virus},
  author={Hogenkamp, Astrid and Isohadouten, Najiha and Reemers, Sylvia SN and Romijn, Roland A and Hemrika, Wieger and White, Mitchell R and Tefsen, Boris and Vervelde, Lonneke and van Eijk, Martin and Veldhuizen, Edwin JA and others},
  journal={Veterinary microbiology},
  volume={130},
  number={1},
  pages={37--46},
  year={2008},
  publisher={Elsevier}
}
@article{kingma2006defense,
  title={In defense of the lung: surfactant protein A and surfactant protein D},
  author={Kingma, Paul S and Whitsett, Jeffrey A},
  journal={Current opinion in pharmacology},
  volume={6},
  number={3},
  pages={277--283},
  year={2006},
  publisher={Elsevier}
}
@inproceedings{wang2010immunopathologies,
  title={Immunopathologies linked to integrin signalling},
  author={Wang, Hongyan and Lim, Daina and Rudd, Christopher E},
  booktitle={Seminars in immunopathology},
  volume={32},
  number={2},
  pages={173--182},
  year={2010},
  organization={Springer}
}
@article{scharffetter1998spontaneous,
  title={Spontaneous skin ulceration and defective T cell function in CD18 null mice},
  author={Scharffetter-Kochanek, Karin and Lu, Huifang and Norman, Keith and Van Nood, Nicole and Munoz, Flor and Grabbe, Stephan and McArthur, Mark and Lorenzo, Isabel and Kaplan, Sheldon and Ley, Klaus and others},
  journal={The Journal of experimental medicine},
  volume={188},
  number={1},
  pages={119--131},
  year={1998},
  publisher={Rockefeller Univ Press}
}
@article{schmits1996lfa,
  title={LFA-1-deficient mice show normal CTL responses to virus but fail to reject immunogenic tumor.},
  author={Schmits, Rudolf and K{\"u}ndig, TM and Baker, Dianne M and Shumaker, Grace and Simard, JJ and Duncan, Gordon and Wakeham, Andrew and Shahinian, Arda and Van Der Heiden, Annette and Bachmann, Martin F and others},
  journal={The Journal of experimental medicine},
  volume={183},
  number={4},
  pages={1415--1426},
  year={1996},
  publisher={Rockefeller Univ Press}
}
@article{dustin2000immunological,
  title={The immunological synapse and the actin cytoskeleton: molecular hardware for T cell signaling},
  author={Dustin, Michael L and Cooper, John A},
  journal={Nature immunology},
  volume={1},
  number={1},
  pages={23--29},
  year={2000},
  publisher={Nature Publishing Group}
}
@article{springer1987lymphocyte,
  title={The lymphocyte function associated LFA-1, CD2, and LFA-3 molecules: cell adhesion receptors of the immune system},
  author={Springer, Timothy A and Dustin, Michael L and Kishimoto, Takashi K and Marlin, Steven D},
  journal={Annual review of immunology},
  volume={5},
  number={1},
  pages={223--252},
  year={1987},
  publisher={Annual Reviews 4139 El Camino Way, PO Box 10139, Palo Alto, CA 94303-0139, USA}
}
@article{pazderka1975histocompatibility,
  title={Histocompatibility of chicken populations selected for resistance to Marek's disease},
  author={Pazderka, Feldzgeritta and Longenecker, Bryan M and Law, George RJ and Stone, Howard A and Ruth, Royal F},
  journal={Immunogenetics},
  volume={2},
  number={1},
  pages={93--100},
  year={1975},
  publisher={Springer}
}
@article{quevillon2005interproscan,
  title={InterProScan: protein domains identifier},
  author={Quevillon, Emmanuel and Silventoinen, Ville and Pillai, Sharmila and Harte, Nicola and Mulder, N and Apweiler, Rolf and Lopez, Rodrigo},
  journal={Nucleic acids research},
  volume={33},
  number={suppl 2},
  pages={W116--W120},
  year={2005},
  publisher={Oxford Univ Press}
}
@inproceedings{iseli1999estscan,
  title={ESTScan: a program for detecting, evaluating, and reconstructing potential coding regions in EST sequences.},
  author={Iseli, Christian and Jongeneel, C Victor and Bucher, Philipp},
  booktitle={ISMB},
  volume={99},
  pages={138--148},
  year={1999}
}
@article{van2000avidity,
  title={Avidity regulation of integrins: the driving force in leukocyte adhesion},
  author={van Kooyk, Yvette and Figdor, Carl G},
  journal={Current opinion in cell biology},
  volume={12},
  number={5},
  pages={542--547},
  year={2000},
  publisher={Elsevier}
}
@article{van1994extracellular,
  title={Extracellular Ca2+ modulates leukocyte function-associated antigen-1 cell surface distribution on T lymphocytes and consequently affects cell adhesion},
  author={Van Kooyk, Yvette and Weder, Pauline and Heije, Kees and Figdor, Carl G},
  journal={The Journal of cell biology},
  volume={124},
  number={6},
  pages={1061--1070},
  year={1994},
  publisher={Rockefeller univ press}
}
@article{hashimoto2011dynein,
  title={Dynein-driven transport of T cell receptor microclusters regulates immune synapse formation and T cell activation},
  author={Hashimoto-Tane, Akiko and Yokosuka, Tadashi and Sakata-Sogawa, Kumiko and Sakuma, Machie and Ishihara, Chitose and Tokunaga, Makio and Saito, Takashi},
  journal={Immunity},
  volume={34},
  number={6},
  pages={919--931},
  year={2011},
  publisher={Elsevier}
}
